@article{1,
author = {Weir, Charles and Becker, Ingolf and Noble, James and Blair, Lynne and Sasse, M. Angela and Rashid, Awais},
title = {Interventions for long-term software security: Creating a lightweight program of assurance techniques for developers},
journal = {Software: Practice and Experience},
volume = {50},
number = {3},
pages = {275-298},
keywords = {action research, cybersecurity, developer-centered security, intervention, software developer, software security},
doi = {10.1002/spe.2774},
url = {https://onlinelibrary.wiley.com/doi/abs/10.1002/spe.2774},
eprint = {https://onlinelibrary.wiley.com/doi/pdf/10.1002/spe.2774},
year = {2020}
}

@thesis{2,
title = {Agile Practices: A Theory of Agile
Adoption and Evolution},
type={Bachelor's Thesis},
school   = {Victoria University of Wellington School of Engineering and Computer Science},
author = {Julian, Brendan},
year = {2018}
}

@article{3,
author = {John, Michael and Maurer, Frank and Tessem, Bjørnar},
year = {2005},
month = {07},
pages = {1-6},
title = {Human and social factors of software engineering: Workshop summary},
volume = {30},
journal = {ACM SIGSOFT Software Engineering Notes},
doi = {10.1145/1082983.1083000}
}

@INPROCEEDINGS{4,
  author={Y. {Acar} and S. {Fahl} and M. L. {Mazurek}},
  booktitle={2016 IEEE Cybersecurity Development (SecDev)}, 
  title={You are Not Your Developer, Either: A Research Agenda for Usable Security and Privacy Research Beyond End Users}, 
  year={2016},
  volume={},
  number={},
  pages={3-8},}
  
  @article{5,
author = {Weir, Charles and Becker, Ingolf and Noble, James and Blair, Lynne and Sasse, M. Angela and Rashid, Awais},
title = {Interventions for long-term software security: Creating a lightweight program of assurance techniques for developers},
journal = {Software: Practice and Experience},
volume = {50},
number = {3},
pages = {275-298},
keywords = {action research, cybersecurity, developer-centered security, intervention, software developer, software security},
doi = {10.1002/spe.2774},
url = {https://onlinelibrary.wiley.com/doi/abs/10.1002/spe.2774},
eprint = {https://onlinelibrary.wiley.com/doi/pdf/10.1002/spe.2774},
year = {2020}
}

@book{6,
author = {Lorrie Faith Cranor, Simson Garfinkel},
year = {2005},
title = {Security and Usability},
publisher = {O'Reilly Media},
ISBN = {9780596008277}
}

@inproceedings{geeks,
author = {Hoda, Rashina and Noble, James and Marshall, Stuart},
year = {2011},
month = {06},
pages = {},
title = {Grounded Theory for Geeks},
journal = {ACM International Conference Proceeding Series},
doi = {10.1145/2578903.2579162}
}

@inproceedings{summary1,
	doi = {10.1145/3290605.3300519},
	url = {https://doi.org/10.1145%2F3290605.3300519},
	year = 2019,
	publisher = {{ACM} Press},
	author = {Hala Assal and Sonia Chiasson},
	title = {{\textquotesingle}Think secure from the beginning{\textquotesingle}},
	booktitle = {Proceedings of the 2019 {CHI} Conference on Human Factors in Computing Systems  - {CHI} {\textquotesingle}19}
}

@INPROCEEDINGS{summary2,
author={D. {Kirk} and E. {Tempero}},
booktitle={2012 19th Asia-Pacific Software Engineering Conference},
title={Software Development Practices in New Zealand},
year={2012},
volume={1},
number={},
pages={386-395},}

@misc{webpage,
author = {Lavanya Sajwan},
 title = {Why Do Programmers Do What They Do?
 Recruitment Webpage},
 year = 2020,
 url = {https://homepages.ecs.vuw.ac.nz/~sajwanlava/}
}

@article{pilot,
author = {Thabane, Lehana and Ma, Jinhui and Chu, Rong and Cheng, Ji and Ismaila, Afisi and Rios, Lorena P and Robson, Reid and Thabane, Marron and Giangregorio, Lora and Goldsmith, Charles H},
title = {A tutorial on pilot studies: the what, why and how},
journal = {BMC medical research methodology},
volume = {10},
number = {1},
pages = {1-1o},
doi = {doi:10.1186/1471-2288-10-1},
url = {https://pubmed.ncbi.nlm.nih.gov/20053272/?from_linkname=pubmed_pubmed_reviews&from_from_uid=20053272&from_pos=1},
eprint = {https://pubmed.ncbi.nlm.nih.gov/20053272/?from_linkname=pubmed_pubmed_reviews&from_from_uid=20053272&from_pos=1},
year = {2010}
}

@misc{aura,
author = {Aura Information Security},
 title = {Cyber Security Market Research Report},
 year = 2019,
 notes = {Downloaded from the following url}
 url = {https://cdn2.hubspot.net/hubfs/2631546/Aura\%20Cyber\%20Security\%20Market\%20Research\%20Report\%20November\%202019.pdf?utm_campaign=Cyber\%20Security\%20\%7C\%20SOC\%20Awareness\%20Campaign&utm_source=hs_automation&utm_medium=email&utm_content=80067606&_hsenc=p2ANqtz-9JayH-azhNp_QgcTOhyETkFgn6CRyZzBiHyz851GrsxTvXpARmvV49rdiBo9GqKjLNelzQhmEgSQMDbdXea7JnV0Ha9w&_hsmi=80067606}
}

@misc{securitystrat,
author = {Department of the Prime Minister and Cabinet},
 title = {New Zealand’s
cyber security
strategy 2019},
 year = 2019,
 url = {https://dpmc.govt.nz/sites/default/files/2019-07/Cyber\%20Security\%20Strategy.pdf}
}

@misc{owasp,
author = {OWASP The Open Web Application Security Project},
 title = {OWASP Secure Coding Practices
Quick Reference Guide},
 year = 2010,
 url = {https://owasp.org/www-pdf-archive/OWASP_SCP_Quick_Reference_Guide_v2.pdf}
}

@misc{hepol,
author = {VUW Human Ethics Committee},
 title = {Human Ethics Policy},
 year = 2019,
 url = {https://www.wgtn.ac.nz/documents/policy/research-policy/human-ethics-policy.pdf}
}

@misc{childact,
author = {Oranga Tamariki—Ministry for Children and the Ministry of Education},
 title = {Children’s Act 2014},
 year = 2018,
 url = {http://www.legislation.govt.nz/act/public/2014/0040/latest/DLM5501618.html?src=qs}
}




